

@Manual{citeR,
    title = {R: A Language and Environment for Statistical Computing},
    author = {{R Core Team}},
    organization = {R Foundation for Statistical Computing},
    address = {Vienna, Austria},
    year = {2023},
    url = {https://www.R-project.org/}
}

@Article{tidyverse,
    title = {Welcome to the {tidyverse}},
    author = {Hadley Wickham and Mara Averick and Jennifer Bryan and Winston Chang and Lucy D'Agostino McGowan and Romain François and Garrett Grolemund and Alex Hayes and Lionel Henry and Jim Hester and Max Kuhn and Thomas Lin Pedersen and Evan Miller and Stephan Milton Bache and Kirill Müller and Jeroen Ooms and David Robinson and Dana Paige Seidel and Vitalie Spinu and Kohske Takahashi and Davis Vaughan and Claus Wilke and Kara Woo and Hiroaki Yutani},
    year = {2019},
    journal = {Journal of Open Source Software},
    volume = {4},
    number = {43},
    pages = {1686},
    doi = {10.21105/joss.01686}
}

@Misc{rstanarm,
    title = {rstanarm: {Bayesian} Applied Regression Modeling via {Stan}},
    author = {Ben Goodrich and Jonah Gabry and Imad Ali and Sam Brilleman},
    note = {R package version 2.21.3},
    year = {2022},
    url = {https://mc-stan.org/rstanarm/}
}
  
@Article{rohan,
    title = {Welcome to the {tidyverse}},
    author = {Hadley Wickham and Mara Averick and Jennifer Bryan and Winston Chang and Lucy D'Agostino McGowan and Romain François and Garrett Grolemund and Alex Hayes and Lionel Henry and Jim Hester and Max Kuhn and Thomas Lin Pedersen and Evan Miller and Stephan Milton Bache and Kirill Müller and Jeroen Ooms and David Robinson and Dana Paige Seidel and Vitalie Spinu and Kohske Takahashi and Davis Vaughan and Claus Wilke and Kara Woo and Hiroaki Yutani},
    year = {2019},
    journal = {Journal of Open Source Software},
    volume = {4},
    number = {43},
    pages = {1686},
    doi = {10.21105/joss.01686},
  }  
  
@Misc{bbref,
    author = {{Sports Reference LLC}},
    title = {},
    howpublished = {Basketball-Reference.com - Basketball Statistics and History},
    year = {2024},
    url = {https://www.basketball-reference.com/},
    note = {Accessed on 2024}
}
  
@Manual{knitr,
  title = {knitr: A General-Purpose Package for Dynamic Report Generation in R},
  author = {Yihui Xie},
  year = {2024},
  note = {R package version 1.40},
  url = {https://CRAN.R-project.org/package=knitr}
}

@Manual{modelsummary,
  title = {modelsummary: Summary Tables and Plots for Statistical Models and Data: Beautiful, Customizable, and Publication-Ready},
  author = {Vincent Arel-Bundock},
  year = {2024},
  note = {R package version 1.2.0},
  url = {https://CRAN.R-project.org/package=modelsummary}
}

@Manual{tinytex,
  title = {tinytex: Helper Functions to Install and Maintain TeX Live, and Compile LaTeX Documents},
  author = {Yihui Xie},
  year = {2024},
  note = {R package version 0.43},
  url = {https://CRAN.R-project.org/package=tinytex}
}

@Manual{lubridate,
  title = {lubridate: Make Dealing with Dates a Little Easier},
  author = {Garrett Grolemund and Hadley Wickham},
  year = {2024},
  note = {R package version 1.9.0},
  url = {https://CRAN.R-project.org/package=lubridate}
}

@Manual{viridis,
  title = {viridis: Default Color Maps from 'matplotlib'},
  author = {Simon Garnier and Noam Ross and Marco Sciaini},
  year = {2024},
  note = {R package version 0.6.2},
  url = {https://CRAN.R-project.org/package=viridis}
}

@Manual{gt,
  title = {gt: Easily Create Presentation-Ready Display Tables},
  author = {Richard Iannone and Joe Cheng and Barret Schloerke},
  year = {2024},
  note = {R package version 0.7.0},
  url = {https://CRAN.R-project.org/package=gt}
}
  
  
  
  
  